@book{dasgupta2008immunological,
  title={Immunological computation: theory and applications},
  author={Dasgupta, Dipankar and Nino, Fernando},
  year={2008},
  publisher={CRC Press}
}

@article{2007timmis,
    year={2007},
    issn={1567-7818},
    journal={Natural Computing},
    volume={6},
    number={1},
    doi={10.1007/s11047-006-9029-1},
    title={Artificial immune systemsâ€”today and tomorrow},
    url={http://dx.doi.org/10.1007/s11047-006-9029-1},
    publisher={Kluwer Academic Publishers},
    keywords={Artificial immune system; Future directions; Position paper},
    author={Timmis, Jon},
    pages={1-18},
    language={English}
}

@book{de2006fundamentals,
  title={Fundamentals of natural computing: basic concepts, algorithms, and applications},
  author={De Castro, Leandro Nunes},
  year={2006},
  publisher={CRC Press}
}

@INPROCEEDINGS{1007029,
    author={Cayzer, S. and Aickelin, U.},
    booktitle={Evolutionary Computation, 2002. CEC '02. Proceedings of the 2002 Congress on},
    title={A recommender system based on the immune network},
    year={2002},
    volume={1},
    pages={807-812},
    keywords={data mining;pattern matching;unsupervised learning;adaptive nature;antibody-antibody interaction;antigen-antibody interaction;artificial immune system;collaborative filtering;complex biological system;distributed nature;diversity;film recommendation;immune network;matching;natural evolution;recommender system;self-organising nature;Artificial immune systems;Biological systems;Biology computing;Collaborative work;Distributed control;Filtering;Immune system;Laboratories;Recommender systems;Voting},
    doi={10.1109/CEC.2002.1007029},
    month={May}
}